<?xml version="1.0" encoding="utf-8"?>
<record xmlns="http://www.loc.gov/MARC21/slim" xmlns:xsi="http://www.w3.org/2001/XMLSchema-instance" xsi:schemaLocation="http://www.loc.gov/MARC21/slim http://www.loc.gov/standards/marcxml/schema/MARC21slim.xsd">
	<leader>     nam a22     Mi 4500</leader>
	<controlfield tag="001">b12528390</controlfield>
	<controlfield tag="003">LeBAU</controlfield>
	<controlfield tag="006">m        d        </controlfield>
	<controlfield tag="007">cr cn |||m|||a</controlfield>
	<controlfield tag="008">210518s1954    le ac   o     000 0 ara d</controlfield>
	<datafield ind1=" " ind2=" " tag="040">
		<subfield code="a">ZYU</subfield>
		<subfield code="b">ara</subfield>
		<subfield code="e">rda</subfield>
		<subfield code="c">ZYU</subfield>
	</datafield>
	<datafield ind1="1" ind2=" " tag="041">
		<subfield code="a">ara</subfield>
		<subfield code="k">eng</subfield>
		<subfield code="h">rus</subfield>
	</datafield>
	<datafield ind1="0" ind2="4" tag="082">
		<subfield code="a">891.78</subfield>
		<subfield code="2">23</subfield>
	</datafield>
	<datafield ind1="1" ind2=" " tag="100">
		<subfield code="6">880-01</subfield>
		<subfield code="a">Gorky, Maksim,</subfield>
		<subfield code="d">1868-1936.</subfield>
		<subfield code="e">author.</subfield>
		<subfield code="0">http://id.loc.gov/authorities/names/n80126152 ,</subfield>
	</datafield>
	<datafield ind1="1" ind2="0" tag="240">
		<subfield code="a">My Universities.</subfield>
		<subfield code="l">Arabic</subfield>
	</datafield>
	<datafield ind1="1" ind2="0" tag="245">
		<subfield code="6">880-02</subfield>
		<subfield code="a">Jāmiʻātī, aw thawrat al-ṭalabah /</subfield>
		<subfield code="c">ta'līf Maksīm Ghūrkī ; taʻrīb Muḥammad al-Tūnjī.</subfield>
	</datafield>
	<datafield ind1="3" ind2="0" tag="246">
		<subfield code="6">880-03</subfield>
		<subfield code="a">Thawrat al-ṭalabah</subfield>
	</datafield>
	<datafield ind1=" " ind2=" " tag="250">
		<subfield code="6">880-04</subfield>
		<subfield code="a">al-Ṭabʻah al-ūlá.</subfield>
	</datafield>
	<datafield ind1=" " ind2="1" tag="264">
		<subfield code="6">880-05</subfield>
		<subfield code="a">Bayrūt :</subfield>
		<subfield code="b">Maktabat al-Maʻārif,</subfield>
		<subfield code="c">1954.</subfield>
	</datafield>
	<datafield ind1=" " ind2=" " tag="300">
		<subfield code="6">880-06</subfield>
		<subfield code="a">online resource (114 pages) :</subfield>
		<subfield code="b">illustrations, frontispiece</subfield>
	</datafield>
	<datafield ind1=" " ind2=" " tag="336">
		<subfield code="a">text</subfield>
		<subfield code="2">rdacontent</subfield>
	</datafield>
	<datafield ind1=" " ind2=" " tag="337">
		<subfield code="a">computer</subfield>
		<subfield code="2">rdamedia</subfield>
	</datafield>
	<datafield ind1=" " ind2=" " tag="338">
		<subfield code="a">online resource</subfield>
		<subfield code="2">rdacarrier</subfield>
	</datafield>
	<datafield ind1=" " ind2=" " tag="500">
		<subfield code="a">Part of the Arabic Collections Online (ACO) project, contributed by American University of Beirut's Jafet Memorial Library.</subfield>
	</datafield>
	<datafield ind1=" " ind2=" " tag="533">
		<subfield code="a">Electronic reproduction.</subfield>
		<subfield code="b">New York, N.Y. :</subfield>
		<subfield code="c">New York University,</subfield>
		<subfield code="d">2021.</subfield>
		<subfield code="5">NNU</subfield>
	</datafield>
	<datafield ind1="1" ind2="0" tag="600">
		<subfield code="6">880-07</subfield>
		<subfield code="a">Gorky, Maksim,</subfield>
		<subfield code="d">1868-1936.</subfield>
	</datafield>
	<datafield ind1=" " ind2="0" tag="650">
		<subfield code="6">880-08</subfield>
		<subfield code="a">Authors, Russian</subfield>
		<subfield code="y">20th century</subfield>
		<subfield code="v">Biography.</subfield>
	</datafield>
	<datafield ind1="1" ind2=" " tag="700">
		<subfield code="6">880-09</subfield>
		<subfield code="a">Tūnjī, Muḥammad.</subfield>
		<subfield code="e">translator.</subfield>
		<subfield code="0">http://id.loc.gov/authorities/names/n82108631 ,</subfield>
	</datafield>
	<datafield ind1="2" ind2=" " tag="710">
		<subfield code="a">Jafet Memorial Library.</subfield>
	</datafield>
	<datafield ind1="0" ind2=" " tag="730">
		<subfield code="a">Arabic Collections Online.</subfield>
	</datafield>
	<datafield ind1="0" ind2="8" tag="765">
		<subfield code="6">880-10</subfield>
		<subfield code="i">is translation of</subfield>
		<subfield code="4">http://rdaregistry.info/Elements/e/P20141 :</subfield>
		<subfield code="a">Gorky, Maksim, 1868-1936.</subfield>
		<subfield code="t">My universities.</subfield>
		<subfield code="d">Moscow :Foreign Languages Publ. House,[1955]</subfield>
		<subfield code="w">(OCoLC)10355737</subfield>
		<subfield code="w">(OCoLC)10355737</subfield>
	</datafield>
	<datafield ind1="0" ind2="8" tag="776">
		<subfield code="i">Print version:</subfield>
		<subfield code="a">Gorky, Maksim, 1868-1936. author. http://id.loc.gov/authorities/names/n80126152 ,</subfield>
		<subfield code="t">Jāmiʻātī, aw thawrat al-ṭalabah</subfield>
		<subfield code="w">(LeBAU)b12528390</subfield>
	</datafield>
	<datafield ind1="4" ind2="0" tag="856">
		<subfield code="u">http://hdl.handle.net/2333.1/c2fqzhcb</subfield>
	</datafield>
	<datafield ind1="1" ind2=" " tag="880">
		<subfield code="6">100-01</subfield>
		<subfield code="a">غوركي، مكسيم،</subfield>
		<subfield code="d">1868-1936،</subfield>
		<subfield code="0">http://id.loc.gov/authorities/names/n80126152 ,</subfield>
		<subfield code="e">مؤلف.</subfield>
		<subfield code="4">aut.</subfield>
	</datafield>
	<datafield ind1="1" ind2="0" tag="880">
		<subfield code="6">245-02</subfield>
		<subfield code="a">جامعاتي، أو ثورة الطلبة /</subfield>
		<subfield code="c">تأليف مكسيم غوركي ؛ تعريب محمد التونجي.</subfield>
	</datafield>
	<datafield ind1="3" ind2="0" tag="880">
		<subfield code="6">246-03</subfield>
		<subfield code="a">ثورة الطلبة</subfield>
	</datafield>
	<datafield ind1=" " ind2=" " tag="880">
		<subfield code="6">250-04</subfield>
		<subfield code="a">الطبعة الأولى.</subfield>
	</datafield>
	<datafield ind1=" " ind2="1" tag="880">
		<subfield code="6">264-05</subfield>
		<subfield code="a">بيروت :</subfield>
		<subfield code="b">مكتبة المعارف،</subfield>
		<subfield code="c">1954.</subfield>
	</datafield>
	<datafield ind1=" " ind2=" " tag="880">
		<subfield code="6">300-06</subfield>
		<subfield code="a">114 صفحة :</subfield>
		<subfield code="b">مصورات، صور شخصانية في الواجهة ؛</subfield>
		<subfield code="c">21 سم</subfield>
	</datafield>
	<datafield ind1=" " ind2=" " tag="880">
		<subfield code="6">500-00</subfield>
		<subfield code="a">مترجم عن الإنجليزية عن الأصل الروسي.</subfield>
	</datafield>
	<datafield ind1="1" ind2="4" tag="880">
		<subfield code="6">600-07</subfield>
		<subfield code="a">غوركي، مكسيم،</subfield>
		<subfield code="d">1868-1936.</subfield>
	</datafield>
	<datafield ind1=" " ind2="4" tag="880">
		<subfield code="6">650-08</subfield>
		<subfield code="a">المؤلفون الروس</subfield>
		<subfield code="y">القرن العشرون</subfield>
		<subfield code="v">تراجم.</subfield>
	</datafield>
	<datafield ind1="1" ind2=" " tag="880">
		<subfield code="6">700-09</subfield>
		<subfield code="a">التونجي، محمد،</subfield>
		<subfield code="0">http://id.loc.gov/authorities/names/n82108631 ,</subfield>
		<subfield code="e">مترجم.</subfield>
		<subfield code="4">trl.</subfield>
	</datafield>
	<datafield ind1="0" ind2="8" tag="880">
		<subfield code="6">765-10</subfield>
		<subfield code="i">ترجمة</subfield>
		<subfield code="4">http://rdaregistry.info/Elements/e/P20141 :</subfield>
		<subfield code="a">Gorky, Maksim, 1868-1936.</subfield>
		<subfield code="t">My universities.</subfield>
		<subfield code="d">Moscow :Foreign Languages Publ. House,[1955]</subfield>
		<subfield code="w">(LEAUB)b10688705</subfield>
		<subfield code="w">(OCoLC)10355737</subfield>
	</datafield>
	<datafield ind1=" " ind2=" " tag="959">
		<subfield code="a">NNU</subfield>
		<subfield code="b">WEB</subfield>
		<subfield code="c">GENI</subfield>
		<subfield code="t">0</subfield>
		<subfield code="m">Electronic access</subfield>
		<subfield code="s">01</subfield>
	</datafield>
	<datafield ind1=" " ind2=" " tag="999">
		<subfield code="i">LeBAU_b12528390</subfield>
		<subfield code="s">aub_aco004528</subfield>
		<subfield code="e">(ERROR-880)(ERROR-MISC)</subfield>
		<subfield code="s">aub_aco004528</subfield>
	</datafield>
</record>
